@article{kubernetes2019kubernetes,
  title={Kubernetes},
  author={Kubernetes, T},
  journal={Kubernetes. Retrieved May},
  volume={24},
  pages={2019},
  year={2019}
}

@misc{docker2020docker,
  title={Docker},
  author={Docker, Inc and others},
  journal={Available at: \url{https://www.docker.com/}},
  year={2025}
}

@misc{kubernetes2025resourcequotas,
  author = {Kubernetes, Inc and others},
  title = {Kubernetes ResourceQuotas},
  year = {2025},
  journal = {Available at: \url{https://kubernetes.io/docs/home/}},
  note = {Access: may 2025}
}

%Github
@misc{FrigoMatteo2025Github,
  author = {Matteo Frigo},
  title = {Resource-Limitation},
  year = {2025},
  howpublished = {\url{https://github.com/FrigoMatteo/Resource-Limitation.git}},
  note = {Access: May 2025}
}


%Docker hub
@misc{FrigoMatteo2025DockerHub,
  author = {Matteo Frigo},
  title = {Resource-usage-limitation},
  year = {2025},
  howpublished = {\url{https://hub.docker.com/repositories/matteofrigo1618}},
  note = {Access: May 2025}
}